<record><leader>00000cas a22000007a 4500</leader><controlfield tag="001">23152060</controlfield><controlfield tag="008">910225d19161918couwr ne      0    0eng d</controlfield><datafield ind1=" " ind2=" " tag="010"><subfield code="a">sn 91052214 </subfield></datafield><datafield ind1=" " ind2=" " tag="040"><subfield code="a">CNQ</subfield><subfield code="b">eng</subfield><subfield code="c">CNQ</subfield><subfield code="d">OCLCQ</subfield></datafield><datafield ind1=" " ind2=" " tag="042"><subfield code="a">msc</subfield></datafield><datafield ind1="0" ind2="4" tag="245"><subfield code="a">The Fort Collins express=review.</subfield></datafield><datafield ind1="1" ind2="3" tag="246"><subfield code="a">Fort Collins express and the Fort Collins review</subfield></datafield><datafield ind1=" " ind2=" " tag="260"><subfield code="a">Fort Collins, Colo. :</subfield><subfield code="b">McCormick Bros.</subfield></datafield><datafield ind1=" " ind2=" " tag="300"><subfield code="a">v.</subfield></datafield><datafield ind1=" " ind2=" " tag="310"><subfield code="a">Weekly</subfield></datafield><datafield ind1="0" ind2=" " tag="362"><subfield code="a">Vol. 44, no. 33 (Dec. 7, 1916)-</subfield></datafield><datafield ind1="1" ind2=" " tag="362"><subfield code="a">Ceased in Oct. 1918?</subfield></datafield><datafield ind1=" " ind2=" " tag="530"><subfield code="a">Available on microfilm from the Colorado Historical Society.</subfield></datafield><datafield ind1=" " ind2=" " tag="580"><subfield code="a">Daily ed.: Fort Collins express (Fort Collins, Colo. : 1916 : Daily).</subfield></datafield><datafield ind1=" " ind2=" " tag="752"><subfield code="a">United States</subfield><subfield code="b">Colorado</subfield><subfield code="c">Larimer</subfield><subfield code="d">Fort Collins.</subfield></datafield><datafield ind1="1" ind2=" " tag="775"><subfield code="t">Fort Collins express (Fort Collins, Colo. : 1916 : Daily)</subfield><subfield code="w">(DLC)sn 91052215</subfield></datafield><datafield ind1="0" ind2="0" tag="780"><subfield code="t">Fort Collins express and the Fort Collins review</subfield><subfield code="w">(DLC)sn 91052213</subfield></datafield><datafield ind1="0" ind2="0" tag="785"><subfield code="t">Fort Collins express (Fort Collins, Colo. : 1918 : Weekly)</subfield><subfield code="w">(DLC)sn 91052525</subfield></datafield></record>